<record><leader>00000cas a22000007a 4500</leader><controlfield tag="001">17595472</controlfield><controlfield tag="008">880308d18811882txuuu ne      0    0eng d</controlfield><datafield ind1=" " ind2=" " tag="010"><subfield code="a">sn 88083117 </subfield></datafield><datafield ind1=" " ind2=" " tag="040"><subfield code="a">PPM</subfield><subfield code="b">eng</subfield><subfield code="c">PPM</subfield><subfield code="d">OCLCQ</subfield></datafield><datafield ind1=" " ind2=" " tag="042"><subfield code="a">msc</subfield></datafield><datafield ind1="0" ind2=" " tag="130"><subfield code="a">Texas eagle (Buffalo Gap, Tex.)</subfield></datafield><datafield ind1="1" ind2="4" tag="245"><subfield code="a">The Texas eagle.</subfield></datafield><datafield ind1="1" ind2="3" tag="246"><subfield code="a">Eagle</subfield></datafield><datafield ind1=" " ind2=" " tag="260"><subfield code="a">Buffalo Gap, Tex. :</subfield><subfield code="b">I.C. Huege</subfield></datafield><datafield ind1="1" ind2=" " tag="362"><subfield code="a">Began in 1881? Ceased in 1882.</subfield></datafield><datafield ind1=" " ind2=" " tag="588"><subfield code="a">Description based on: Vol. 1, no. 22 (May 28, 1881).</subfield></datafield><datafield ind1=" " ind2=" " tag="752"><subfield code="a">United States</subfield><subfield code="b">Texas</subfield><subfield code="c">Taylor</subfield><subfield code="d">Abilene.</subfield></datafield><datafield ind1=" " ind2=" " tag="752"><subfield code="a">United States</subfield><subfield code="b">Texas</subfield><subfield code="c">Taylor</subfield><subfield code="d">Buffalo Gap.</subfield></datafield><datafield ind1="0" ind2="0" tag="785"><subfield code="t">Runnels County record</subfield><subfield code="w">(DLC)sn 86088843</subfield></datafield></record>